@article{Borst1999,
author = {Borst, Alexander and Theunissen, Fr{\'{e}}d{\'{e}}ric E.},
doi = {10.1038/14731},
issn = {10976256},
journal = {Nature Neuroscience},
mendeley-groups = {neuron/information (1),neuron/information (1)/review},
month = {nov},
number = {11},
pages = {947--957},
publisher = {Nature Publishing Group},
title = {{Information theory and neural coding}},
url = {http://www.nature.com/doifinder/10.1038/14731},
volume = {2},
year = {1999}
}

@book{Cover2006,
author = {Cover, Thomas M. and Thomas, Joy A.},
edition = {2},
isbn = {978-0471241959},
mendeley-groups = {textbooks,bibtex/precision},
publisher = {Wiley-Interscience},
title = {{Elements of Information Theory}},
year = {2006}
}


@article{Gastpar2009,
author = {Gastpar, Michael C. and Gill, Patrick R. and Theunissen, Fr{\'{e}}d{\'{e}}ric E.},
doi = {10.1109/ITWNIT.2009.5158561},
isbn = {9781424445363},
issn = {00189448},
journal = {Proceedings - 2009 IEEE Information Theory Workshop on Networking and Information Theory, ITW 2009},
mendeley-groups = {neuron/fmri (1),neuron/information (1),neuron/information (1)/theory},
number = {2},
pages = {152--155},
title = {{Anthropic correction of information estimates}},
volume = {56},
year = {2009}
}

@article{Naselaris2011,
author = {Naselaris, Thomas and Kay, Kendrick N. and Nishimoto, Shinji and Gallant, Jack L.},
doi = {10.1016/j.neuroimage.2010.07.073},
isbn = {1053-8119},
issn = {10538119},
journal = {NeuroImage},
keywords = {Computational neuroscience,Decoding,Encoding,FMRI,Linear classifier,Multi-voxel pattern analysis},
mendeley-groups = {neuron/fmri (1),neuron/fmri (1)/ident,bibtex/precision},
number = {2},
pages = {400--410},
pmid = {20691790},
publisher = {Elsevier B.V.},
title = {{Encoding and decoding in fMRI}},
url = {http://dx.doi.org/10.1016/j.neuroimage.2010.07.073},
volume = {56},
year = {2011}
}


@article{Paninski,
archivePrefix = {arXiv},
arxivId = {arXiv:cond-mat/0402594v3},
author = {Paninski, Liam},
doi = {10.1162/089976603321780272},
eprint = {0402594v3},
isbn = {0899766033217},
issn = {0899-7667},
journal = {Neural Computation},
mendeley-groups = {inference/information},
number = {6},
pages = {1191--1253},
pmid = {12816573},
primaryClass = {arXiv:cond-mat},
title = {{Estimation of Entropy and Mutual Information}},
url = {http://www.mitpressjournals.org/doi/abs/10.1162/089976603321780272},
volume = {15},
year = {2003}
}

@article{QuianQuiroga2009,
author = {{Quian Quiroga}, Rodrigo and Panzeri, Stefano},
doi = {10.1038/nrn2578},
isbn = {1471-0048 (Electronic)$\backslash$n1471-003X (Linking)},
issn = {1471-003X},
journal = {Nature reviews. Neuroscience},
mendeley-groups = {neuron/fmri (1),neuron/information (1),neuron/information (1)/review},
number = {3},
pages = {173--185},
pmid = {19229240},
title = {{Extracting information from neuronal populations: information theory and decoding approaches.}},
volume = {10},
year = {2009}
}


